<record><leader>00000cas a22000007a 4500</leader><controlfield tag="001">11765462</controlfield><controlfield tag="008">850305d18521854iausr ne      0    0eng d</controlfield><datafield ind1=" " ind2=" " tag="010"><subfield code="a">sn 85049534 </subfield></datafield><datafield ind1=" " ind2=" " tag="040"><subfield code="a">INP</subfield><subfield code="b">eng</subfield><subfield code="c">INP</subfield><subfield code="d">OCLCQ</subfield></datafield><datafield ind1=" " ind2=" " tag="042"><subfield code="a">msc</subfield></datafield><datafield ind1="0" ind2=" " tag="130"><subfield code="a">Sunbeam (Keokuk, Iowa : 1852)</subfield></datafield><datafield ind1="1" ind2="4" tag="245"><subfield code="a">The Sunbeam.</subfield></datafield><datafield ind1=" " ind2=" " tag="260"><subfield code="a">Keokuk, Iowa :</subfield><subfield code="b">R.L. Doyle,</subfield><subfield code="c">-1854.</subfield></datafield><datafield ind1=" " ind2=" " tag="300"><subfield code="a">v. ;</subfield><subfield code="c">39-52 cm.</subfield></datafield><datafield ind1=" " ind2=" " tag="310"><subfield code="a">Semimonthly</subfield></datafield><datafield ind1="1" ind2=" " tag="362"><subfield code="a">Began in 1852.</subfield><subfield code="z">Cf. Bibl. of Iowa newspapers.</subfield></datafield><datafield ind1="0" ind2=" " tag="362"><subfield code="a">-v. 2, no. 24 (Jan. 16, 1854).</subfield></datafield><datafield ind1=" " ind2=" " tag="500"><subfield code="a">"A family companion devoted to temperance, morality, and general intelligence."</subfield></datafield><datafield ind1=" " ind2=" " tag="500"><subfield code="a">Editor: Freeman Knowles.</subfield></datafield><datafield ind1=" " ind2=" " tag="588"><subfield code="a">Description based on: Vol. 1, no. 2 (Jan. 16, 1852).</subfield></datafield><datafield ind1=" " ind2=" " tag="752"><subfield code="a">United States</subfield><subfield code="b">Iowa</subfield><subfield code="c">Lee</subfield><subfield code="d">Keokuk.</subfield></datafield><datafield ind1="0" ind2="7" tag="785"><subfield code="t">Star of temperance</subfield></datafield><datafield ind1="0" ind2="7" tag="785"><subfield code="t">Iowa state journal (Iowa City, Iowa)</subfield><subfield code="w">(DLC)sn 85049535</subfield></datafield></record>